<record><leader>00000cas a22000007a 4500</leader><controlfield tag="001">17892768</controlfield><controlfield tag="008">880504c19209999ohuwr ne      0    0eng d</controlfield><datafield ind1=" " ind2=" " tag="010"><subfield code="a">sn 88078511 </subfield></datafield><datafield ind1=" " ind2=" " tag="040"><subfield code="a">ONP</subfield><subfield code="b">eng</subfield><subfield code="c">ONP</subfield><subfield code="d">OCLCQ</subfield></datafield><datafield ind1=" " ind2=" " tag="042"><subfield code="a">msc</subfield></datafield><datafield ind1="0" ind2="0" tag="245"><subfield code="a">Loudonville times.</subfield></datafield><datafield ind1="3" ind2="0" tag="246"><subfield code="a">Times</subfield></datafield><datafield ind1=" " ind2=" " tag="260"><subfield code="a">Loudonville, Ohio :</subfield><subfield code="b">Bowan &amp; Dauber</subfield></datafield><datafield ind1=" " ind2=" " tag="310"><subfield code="a">Weekly</subfield></datafield><datafield ind1="1" ind2=" " tag="362"><subfield code="a">Began with Sept. 16, 1920 issue.</subfield></datafield><datafield ind1=" " ind2=" " tag="500"><subfield code="a">Published as: Times, Sept. 13, 1940-Mar. 28, 1941.</subfield></datafield><datafield ind1=" " ind2=" " tag="588"><subfield code="a">Description based on: Vol. 2, no. 1 (Jan. 6, 1921).</subfield></datafield><datafield ind1=" " ind2=" " tag="752"><subfield code="a">United States</subfield><subfield code="b">Ohio</subfield><subfield code="c">Ashland</subfield><subfield code="d">Loudonville.</subfield></datafield><datafield ind1="0" ind2="4" tag="780"><subfield code="t">Loudonville advocate (Loudonville, Ohio : 1893)</subfield><subfield code="w">(DLC)sn 88078512</subfield></datafield><datafield ind1="0" ind2="4" tag="780"><subfield code="t">Loudonville Democrat</subfield><subfield code="w">(DLC)sn 88078510</subfield></datafield><datafield ind1="0" ind2="5" tag="780"><subfield code="t">Shreve news</subfield><subfield code="w">(DLC)sn 84028607</subfield></datafield></record>